@misc{bitcoin,
  title={Bitcoin: A peer-to-peer electronic cash system},
  author={Nakamoto, Satoshi},
  year={2008}
}
@article{buterin2013ethereum,
  title={{Ethereum: A Next-Generation Smart Contract and Decentralized Application Platform}},
  author={Buterin, Vitalik},
  journal={Ethereum Project White Paper},
  year={2013}
}

@article{wood2014ethereum,
  title={{Ethereum: A Secure Decentralised Generalised Transaction Ledger}},
  author={Wood, Gavin},
  journal={Ethereum Project Yellow Paper},
  year={2014}
}

@inproceedings{beck2016blockchain,
  title={{Blockchain -- The Gateway To Trust-free Cryptographic Transactions}},
  author={Beck, Roman and Stenum Czepluch, Jacob and Lollike, Nicolaj and Malone, Simon},
  booktitle={Twenty-Fourth European Conference on Information Systems (ECIS)},
  year=2016
}

% Proofs of space
@inproceedings{dziembowski2015proofs,
  title={Proofs of space},
  author={Dziembowski, Stefan and Faust, Sebastian and Kolmogorov, Vladimir and Pietrzak, Krzysztof},
  booktitle={Annual Cryptology Conference},
  pages={585--605},
  year={2015},
  organization={Springer}
}

% Proof-of-work
@inproceedings{dwork1992pricing,
  title={Pricing via processing or combatting junk mail},
  author={Dwork, Cynthia and Naor, Moni},
  booktitle={Annual International Cryptology Conference},
  pages={139--147},
  year={1992},
  organization={Springer}
}

% Proof-of-stake
@misc{king2012ppcoin,
  title={{PPCoin: Peer-to-Peer Crypto-Currency with Proof-of-Stake}},
  author={King, Sunny and Nadal, Scott},
  year={2012}
}
